@book{paraAlg,
   author = {Marek Cygan and Fedor V. Fomin and Łukasz Kowalik and Daniel Lokshtanov and Dániel Marx and Marcin Pilipczuk and Michał Pilipczuk and Saket Saurabh},
   year = {2015},
   title = {Parameterized Algorithms},
   publisher = {Springer},
}

@technreport{brand-84,
  title = {Partitions of graphs into one or two independent sets and cliques},
  author = {Andreas Brandst\"adt},
  institution = {Friederich-Schiller-Universtat Jena},
  year = {1984},

}
